@misc{proft:website,
    author = "Bloger",
    title = "the website title",
    month = feb,
    year = 2011,
    note = "\url{http://proft.me}"
}